@Preamble{ " \newcommand{\noop}[1]{} " }

@article{tcga2014blca,
  title={Comprehensive molecular characterization of urothelial bladder carcinoma},
  author={{Cancer Genome Atlas Research Network} and others},
  journal={Nature},
  volume={507},
  number={7492},
  pages={315},
  year={2014},
  publisher={NIH Public Access}
}


@article{limma,
    author = {Matthew E Ritchie and Belinda Phipson and Di Wu and Yifang Hu and Charity W Law and Wei Shi and Gordon K Smyth},
    title = {{limma} powers differential expression analyses for {RNA}-sequencing and microarray studies},
    journal = {Nucleic Acids Research},
    year = {2015},
    volume = {43},
    number = {7},
    pages = {e47},
    doi = {10.1093/nar/gkv007}
}
    
@article{law2014voom,
  title={voom: Precision weights unlock linear model analysis tools for RNA-seq read counts},
  author={Law, Charity W and Chen, Yunshun and Shi, Wei and Smyth, Gordon K},
  journal={Genome biology},
  volume={15},
  number={2},
  pages={1--17},
  year={2014},
  publisher={BioMed Central}
}

@article{ebrahimpoor2020simultaneous,
  title={Simultaneous enrichment analysis of all possible gene-sets: unifying self-contained and competitive methods},
  author={Ebrahimpoor, Mitra and Spitali, Pietro and Hettne, Kristina and Tsonaka, Roula and Goeman, Jelle},
  journal={Briefings in bioinformatics},
  volume={21},
  number={4},
  pages={1302--1312},
  year={2020},
  publisher={Oxford University Press}
}

@article{binns2009quickgo,
  title={QuickGO: a web-based tool for Gene Ontology searching},
  author={Binns, David and Dimmer, Emily and Huntley, Rachael and Barrell, Daniel and O'donovan, Claire and Apweiler, Rolf},
  journal={Bioinformatics},
  volume={25},
  number={22},
  pages={3045--3046},
  year={2009},
  publisher={Oxford University Press}
}

@article{orfanos2017brainomics,
  title={The brainomics/localizer database},
  author={Orfanos, Dimitri Papadopoulos and Michel, Vincent and Schwartz, Yannick and Pinel, Philippe and Moreno, Antonio and Le Bihan, Denis and Frouin, Vincent},
  journal={Neuroimage},
  volume={144},
  pages={309--314},
  year={2017},
  publisher={Elsevier}
}

@article{genovese2002thresholding,
  title={Thresholding of statistical maps in functional neuroimaging using the false discovery rate},
  author={Genovese, Christopher R and Lazar, Nicole A and Nichols, Thomas},
  journal={Neuroimage},
  volume={15},
  number={4},
  pages={870--878},
  year={2002},
  publisher={Elsevier}
}

@article{nichols2003controlling,
  title={Controlling the familywise error rate in functional neuroimaging: a comparative review},
  author={Nichols, Thomas and Hayasaka, Satoru},
  journal={Statistical methods in medical research},
  volume={12},
  number={5},
  pages={419--446},
  year={2003},
  publisher={Sage Publications Sage CA: Thousand Oaks, CA}
}
@article{rosenblatt2018ari,
  title={All-resolutions inference for brain imaging},
  author={Rosenblatt, Jonathan D and Finos, Livio and Weeda, Wouter D and Solari, Aldo and Goeman, Jelle J},
  journal={Neuroimage},
  volume={181},
  pages={786--796},
  year={2018},
  publisher={Elsevier}
}

@article{abraham2014machine-learning,
  title={Machine learning for neuroimaging with scikit-learn},
  author={Abraham, Alexandre and Pedregosa, Fabian and Eickenberg, Michael and Gervais, Philippe and Mueller, Andreas and Kossaifi, Jean and Gramfort, Alexandre and Thirion, Bertrand and Varoquaux, Ga{\"e}l},
  journal={Frontiers in neuroinformatics},
  volume={8},
  pages={14},
  year={2014},
  publisher={Frontiers}
}
@article{HSG2019,
  title={Permutation-based simultaneous confidence bounds for the false discovery proportion},
  author={Hemerik, Jesse and Solari, Aldo and Goeman, Jelle J},
  journal={Biometrika},
  volume={106},
  number={3},
  pages={635--649},
  year={2019},
  publisher={Oxford University Press}
}

@incollection{BNR:chap,
  TITLE = {{On agnostic post hoc approaches to false positive control}},
  AUTHOR = {Blanchard, Gilles and Neuvial, Pierre and Roquain, Etienne},
  URL = {https://hal.archives-ouvertes.fr/hal-02320543},
  BOOKTITLE = {{Handbook of Multiple Comparisons}},
  EDITOR = {Xinping Cui and Thorsten Dickhaus and Ying Ding and Jason C. Hsu},
  PUBLISHER = {{Chapman \\& Hall/CRC}},
  SERIES = {Handbooks of Modern Statistical Methods},
  YEAR = {2021},
  MONTH = Nov,
  PDF = {https://hal.archives-ouvertes.fr/hal-02320543v2/file/BNR-chap_HAL-revised.pdf},
  HAL_ID = {hal-02320543},
  HAL_VERSION = {v2},
}


@article{benjamini95controlling,
  title={Controlling the false discovery rate: a practical and powerful approach to multiple testing},
  author={Benjamini, Yoav and Hochberg, Yosef},
  journal={Journal of the Royal statistical society: series B (Methodological)},
  volume={57},
  number={1},
  pages={289--300},
  year={1995},
  publisher={Wiley Online Library}
}

@article{benjamini01control,
  title={The control of the false discovery rate in multiple testing under dependency},
  author={Benjamini, Yoav and Yekutieli, Daniel},
  journal={Annals of statistics},
  pages={1165--1188},
  year={2001},
  publisher={JSTOR}
}

@article {GS2011,
    AUTHOR = {Goeman, Jelle J and Solari, Aldo},
     TITLE = {Multiple testing for exploratory research},
   JOURNAL = {Statistical Science},
  FJOURNAL = {Statistical Science. A Review Journal of the Institute of
              Mathematical Statistics},
    VOLUME = {26},
      YEAR = {2011},
    NUMBER = {4},
     PAGES = {584--597},
   MRCLASS = {62J15},
  MRNUMBER = {2951390},
}

@article{blanchard20post-hoc,
title={Post Hoc Confidence Bounds on False Positives Using Reference Families},
author={Blanchard, Gilles and Neuvial, Pierre and Roquain, Etienne},
  URL = {https://hal.archives-ouvertes.fr/hal-01483585},
journal = {Annals of Statistics},
year={2020},
volume={48},
number={3},
pages= {1281--1303},
arxiv={1703.02307},
hal_id={hal-01483585},
url={https://projecteuclid.org/euclid.aos/1594972818},
}

@article{durand20post-hoc,
  TITLE = {{Post hoc false positive control for structured hypotheses}},
  AUTHOR = {Durand, Guillermo and Blanchard, Gilles and Neuvial, Pierre and Roquain, Etienne},
  URL = {https://hal.archives-ouvertes.fr/hal-01829037},
  YEAR = {2020},
  ARXIV = {1807.01470},
  HAL_ID = {hal-01829037},
  HAL_VERSION = {v2},
  journal = {Scandinavian Journal of Statistics},
}

@article{simes86improved,
	Author = {Simes, R J},
	Journal = {Biometrika},
	Keywords = {FDR},
	Number = {3},
	Pages = {751--754},
	Title = {{An improved Bonferroni procedure for multiple tests of significance}},
	Volume = {73},
	Year = {1986}}

@article{sarkar98probability,
  title={Some probability inequalities for ordered MTP2 random variables: a proof of the Simes conjecture},
  author={Sarkar, Sanat K},
  journal={Annals of Statistics},
  pages={494--504},
  year={1998}}


@article{massart1990tight,
	Author = {Massart, Pascal},
	Title = {{The tight constant in the Dvoretzky-Kiefer-Wolfowitz inequality}},
	Journal = {The Annals of Probability},
	Volume = 18, 
	Number = 3,
	Pages = {1269--1283},
	Year = {1990}
}


@article{dvoretzky1956asymptotic,
	Author = {Dvoretzky, Aryeh and Kiefer, Jack and Wolfowitz, Jacob},
	Journal = {The Annals of Mathematical Statistics},
	Volume = 27,
	Number = 3, 
	Pages = {642--669},
	Title = {Asymptotic minimax character of the sample distribution function and of the classical multinomial estimator},
	Year = {1956}}


@article{BGH2010,
	Author = {Bourgon, Richard and Gentleman, Robert and Huber, Wolfgang},
	Date-Modified = {2013-10-08 21:53:36 +0000},
	Doi = {10.1073/pnas.0914005107/-/DCSupplemental.www.pnas.org/cgi/doi/10.1073/pnas.0914005107},
	File = {:Users/pierre/Documents/Biblio/bourgon10independent.pdf:pdf},
	Journal = {PNAS},
	Keywords = {posthoc},
	Title = {{Independent filtering increases detection power for high-throughput experiments}},
	Year = {2010},
	Bdsk-Url-1 = {http://dx.doi.org/10.1073/pnas.0914005107/-/DCSupplemental.www.pnas.org/cgi/doi/10.1073/pnas.0914005107}}

@article{CLGV+2005,
  title={Gene expression profiles of B-lineage adult acute lymphocytic leukemia reveal genetic patterns that identify lineage derivation and distinct mechanisms of transformation},
  author={Chiaretti, Sabina and Li, Xiaochun and Gentleman, Robert and Vitale, Antonella and Wang, Kathy S and Mandelli, Franco and Foa, Robin and Ritz, Jerome},
  journal={Clinical cancer research},
  volume={11},
  number={20},
  pages={7209--7219},
  year={2005},
  publisher={AACR}
}


@article{CC2003,
	Author = {Cui, Xiangqin and Churchill, Gary A},
	Date-Added = {2013-10-09 14:51:28 +0000},
	Date-Modified = {2013-10-09 14:52:17 +0000},
	Journal = {Genome Biol},
	Keywords = {posthoc},
	Number = {4},
	Pages = {210},
	Title = {Statistical tests for differential expression in c{DNA} microarray experiments},
	Volume = {4},
	Year = {2003}}
